<record><leader>00000cas a22000007a 4500</leader><controlfield tag="001">20520044</controlfield><controlfield tag="008">891020d18911917mouwr ne      0    0eng d</controlfield><datafield ind1=" " ind2=" " tag="010"><subfield code="a">sn 89066846 </subfield></datafield><datafield ind1=" " ind2=" " tag="040"><subfield code="a">MQN</subfield><subfield code="b">eng</subfield><subfield code="c">MQN</subfield><subfield code="d">GUA</subfield><subfield code="d">OCLCQ</subfield></datafield><datafield ind1=" " ind2=" " tag="042"><subfield code="a">msc</subfield></datafield><datafield ind1="0" ind2=" " tag="130"><subfield code="a">Henry County republican (Clinton, Mo.)</subfield></datafield><datafield ind1="1" ind2="4" tag="245"><subfield code="a">The Henry County republican.</subfield></datafield><datafield ind1="3" ind2="0" tag="246"><subfield code="a">Progressive Missourian</subfield></datafield><datafield ind1=" " ind2=" " tag="260"><subfield code="a">Clinton, Mo. :</subfield><subfield code="b">H.H. Mitchell [and] C.A. Mitchell,</subfield><subfield code="c">1891-</subfield></datafield><datafield ind1=" " ind2=" " tag="300"><subfield code="a">v.</subfield></datafield><datafield ind1=" " ind2=" " tag="310"><subfield code="a">Weekly</subfield></datafield><datafield ind1="0" ind2=" " tag="362"><subfield code="a">Vol. 27, no. 10 (Apr. 9, 1891)-</subfield></datafield><datafield ind1="1" ind2=" " tag="362"><subfield code="a">Ceased in 1917.</subfield></datafield><datafield ind1=" " ind2=" " tag="500"><subfield code="a">Published as: Progressive Missourian, Oct. 1, 1914-Mar. 24, 1915.</subfield></datafield><datafield ind1=" " ind2=" " tag="515"><subfield code="a">Numbering changes from vols. to years with May 1, 1895 issue: back to vols. with Aug. 21, 1913 issue.</subfield></datafield><datafield ind1=" " ind2=" " tag="580"><subfield code="a">Daily eds.: Republican (Clinton, Mo. : 1892), Mar. 30, 1892-&lt;Oct. 23, 1896&gt;; Evening republican (Clinton, Mo. : 1904), &lt;Apr. 11, 1904-Oct. 10, 1904&gt;; Daily republican (Clinton, Mo.), &lt;Jan. 4, 1913-Apr. 30, 1913&gt;; Republican (Clinton, Mo. : 1913), &lt;Nov. 1&gt;-Nov. 8, 1913; Evening republican (Clinton, Mo. : 1913), Nov. 10, 1913-1917?</subfield></datafield><datafield ind1=" " ind2=" " tag="752"><subfield code="a">United States</subfield><subfield code="b">Missouri</subfield><subfield code="c">Henry</subfield><subfield code="d">Clinton.</subfield></datafield><datafield ind1="1" ind2=" " tag="775"><subfield code="t">Republican (Clinton, Mo. : 1892)</subfield><subfield code="w">(DLC)sn 89066847</subfield></datafield><datafield ind1="1" ind2=" " tag="775"><subfield code="t">Evening republican (Clinton, Mo. : 1904)</subfield><subfield code="w">(DLC)sn 89066848</subfield></datafield><datafield ind1="1" ind2=" " tag="775"><subfield code="t">Daily republican (Clinton, Mo.)</subfield><subfield code="w">(DLC)sn 89066849</subfield></datafield><datafield ind1="1" ind2=" " tag="775"><subfield code="t">Republican (Clinton, Mo. : 1913)</subfield><subfield code="w">(DLC)sn 89066850</subfield></datafield><datafield ind1="1" ind2=" " tag="775"><subfield code="t">Evening republican (Clinton, Mo. : 1913)</subfield><subfield code="w">(DLC)sn 89066851</subfield></datafield><datafield ind1="0" ind2="0" tag="780"><subfield code="t">Clinton advocate (Clinton, Mo.)</subfield><subfield code="w">(DLC)sn 86054015</subfield></datafield><datafield ind1="0" ind2="0" tag="785"><subfield code="t">Republican (Clinton, Mo. : 1917 : Weekly ed.)</subfield><subfield code="w">(DLC)sn 89066853</subfield></datafield></record>